@BOOK{SSL,
  author =       "Ivan Ristic",
  title =        "Bulletproof SSL and TLS: Understanding and Deploying SSL/TLS and PKI to Secure Servers and Web Applications",
  publisher =    "Feisty Duck",
  year =         "2014",
  isbn =         "978-1907117046",
}

@website{RSS,
  author =       "RSS Advisory Board",
  title =        "RSS 2.0 Specification",
  howpublished = "online",
  url =          "http://www.rssboard.org/rss-specification",
  cited =        "2022-11-13"
}

@website{Atom,
  author =       "M. Nottingham, Ed. and R. Sayre, Ed.",
  title =        "The Atom Syndication Format",
  howpublished = "online",
  url =          "https://www.ietf.org/rfc/rfc4287.txt",
  cited =        "2022-11-13"
}

@website{getopt,
  author =       "Thomas Koenig and Michael Kerrisk",
  title =        "getopt(3) -- Linux manual page",
  howpublished = "online",
  url =          "https://man7.org/linux/man-pages/man3/getopt.3.html",
  cited =        "2022-11-13"
}

@website{regex,
  title =        "Regular expressions library",
  howpublished = "online",
  url =          "https://en.cppreference.com/w/cpp/regex",
  cited =        "2022-11-13"
}

@website{OpenSSL,
  title =        "OpenSSL Documentation",
  howpublished = "online",
  url =          "https://www.openssl.org/docs/",
  cited =        "2022-11-13"
}

@website{IBM,
  author =       "Kenneth Ballard",
  title =        "Secure programming with the OpenSSL API",
  howpublished = "online",
  url =          "https://developer.ibm.com/tutorials/l-openssl/",
  cited =        "2022-11-13"
}

@website{XML,
  title =        "libxml2 Reference Manual",
  howpublished = "online",
  url =          "https://gnome.pages.gitlab.gnome.org/libxml2/devhelp/index.html",
  cited =        "2022-11-13"
}

@BOOK{pytest,
  author =       "Brian Okken",
  title =        "Python Testing with pytest: Simple, Rapid, Effective, and Scalable",
  publisher =    "Pragmatic Bookshelf",
  year =         "2022",
  isbn =         "978-1680508604",
  edition =      "2"
}